<record><leader>00000cas a22000007a 4500</leader><controlfield tag="001">19485791</controlfield><controlfield tag="008">890401d18961927pauwr ne      0    0eng d</controlfield><datafield ind1=" " ind2=" " tag="010"><subfield code="a">sn 89077146 </subfield></datafield><datafield ind1=" " ind2=" " tag="040"><subfield code="a">NPH</subfield><subfield code="b">eng</subfield><subfield code="c">NPH</subfield><subfield code="d">OCLCQ</subfield></datafield><datafield ind1=" " ind2=" " tag="042"><subfield code="a">msc</subfield></datafield><datafield ind1="0" ind2="0" tag="245"><subfield code="a">Ephrata reporter.</subfield></datafield><datafield ind1="1" ind2="3" tag="246"><subfield code="a">Reporter</subfield></datafield><datafield ind1=" " ind2=" " tag="260"><subfield code="a">Ephrata, Pa. :</subfield><subfield code="b">Wm. K. Fishburn</subfield></datafield><datafield ind1=" " ind2=" " tag="300"><subfield code="a">v. :</subfield><subfield code="b">ill. (chiefly advertisements) ;</subfield><subfield code="c">62 cm.</subfield></datafield><datafield ind1=" " ind2=" " tag="310"><subfield code="a">Weekly</subfield></datafield><datafield ind1="1" ind2=" " tag="362"><subfield code="a">Began in 1896; ceased in 1927?</subfield></datafield><datafield ind1=" " ind2=" " tag="500"><subfield code="a">Some supplements available.</subfield></datafield><datafield ind1=" " ind2=" " tag="500"><subfield code="a">Editor: Harry J. VonNieda, &lt;1902-&gt;.</subfield></datafield><datafield ind1=" " ind2=" " tag="515"><subfield code="a">May 23, 1919 issue misdated May 32, 1919.</subfield></datafield><datafield ind1=" " ind2=" " tag="588"><subfield code="a">Description based on: Vol. 2, no. 1 (June 25, 1897).</subfield></datafield><datafield ind1=" " ind2=" " tag="752"><subfield code="a">United States</subfield><subfield code="b">Pennsylvania</subfield><subfield code="c">Lancaster</subfield><subfield code="d">Ephrata.</subfield></datafield><datafield ind1="1" ind2=" " tag="029"><subfield code="a">AU@</subfield><subfield code="b">000025878868</subfield></datafield></record>